
% Journals

% First the Full Name is given, then the abbreviation used in the AMS Math
% Reviews, with an indication if it could not be found there.
% Note the 2nd overwrites the 1st, so swap them if you want the full name.

 %{AMS}
 @String{AMSTrans = "American Mathematical Society Translations" }
 @String{AMSTrans = "Amer. Math. Soc. Transl." }
 @String{BullAMS = "Bulletin of the American Mathematical Society" }
 @String{BullAMS = "Bull. Amer. Math. Soc." }
 @String{ProcAMS = "Proceedings of the American Mathematical Society" }
 @String{ProcAMS = "Proc. Amer. Math. Soc." }
 @String{TransAMS = "Transactions of the American Mathematical Society" }
 @String{TransAMS = "Trans. Amer. Math. Soc." }

 %ACM
 @String{CACM = "Communications of the {ACM}" }
 @String{CACM = "Commun. {ACM}" }
 @String{CompServ = "Comput. Surveys" }
 @String{JACM = "J. ACM" }
 @String{ACMMathSoft = "{ACM} Transactions on Mathematical Software" }
 @String{ACMMathSoft = "{ACM} Trans. Math. Software" }
 @String{SIGNUM = "{ACM} {SIGNUM} Newsletter" }
 @String{SIGNUM = "{ACM} {SIGNUM} Newslett." }

 @String{AmerSocio = "American Journal of Sociology" }
 @String{AmerStatAssoc = "Journal of the American Statistical Association" }
 @String{AmerStatAssoc = "J. Amer. Statist. Assoc." }
 @String{ApplMathComp = "Applied Mathematics and Computation" }
 @String{ApplMathComp = "Appl. Math. Comput." }
 @String{AmerMathMonthly = "American Mathematical Monthly" }
 @String{AmerMathMonthly = "Amer. Math. Monthly" }
 @String{BIT = "{BIT}" }
 @String{BritStatPsych = "British Journal of Mathematical and Statistical
          Psychology" }
 @String{BritStatPsych = "Brit. J. Math. Statist. Psych." }
 @String{CanMathBull = "Canadian Mathematical Bulletin" }
 @String{CanMathBull = "Canad. Math. Bull." }
 @String{CompApplMath = "Journal of Computational and Applied Mathematics" }
 @String{CompApplMath = "J. Comput. Appl. Math." }
 @String{CompPhys = "Journal of Computational Physics" }
 @String{CompPhys = "J. Comput. Phys." }
 @String{CompStruct = "Computers and Structures" }
 @String{CompStruct = "Comput. \& Structures" }
 @String{CompJour = "The Computer Journal" }
 @String{CompJour = "Comput. J." }
 @String{CompSysSci = "Journal of Computer and System Sciences" }
 @String{CompSysSci = "J. Comput. System Sci." }
 @String{Computing = "Computing" }
 @String{ContempMath = "Contemporary Mathematics" }
 @String{ContempMath = "Contemp. Math." }
 @String{Crelle = "Crelle's Journal" }
 @String{GiornaleMath = "Giornale di Mathematiche" }
 @String{GiornaleMath = "Giorn. Mat." } % didn't find in AMS MR., ibid.

 %IEEE
 @String{Computer = "{IEEE} Computer" }
 @String{IEEETransComp = "{IEEE} Transactions on Computers" }
 @String{IEEETransComp = "{IEEE} Trans. Comput." }
 @String{IEEETransAC = "{IEEE} Transactions on Automatic Control" }
 @String{IEEETransAC = "{IEEE} Trans. Automat. Control" }
 @String{IEEESpec = "{IEEE} Spectrum" } % didn't find in AMS MR
 @String{ProcIEEE = "Proceedings of the {IEEE}" }
 @String{ProcIEEE = "Proc. {IEEE}" } % didn't find in AMS MR
 @String{IEEETransAeroElec = "{IEEE} Transactions on Aerospace and Electronic
     Systems" }
 @String{IEEETransAeroElec = "{IEEE} Trans. Aerospace Electron. Systems" }

 @String{IMANumerAna = "{IMA} Journal of Numerical Analysis" }
 @String{IMANumerAna = "{IMA} J. Numer. Anal." }
 @String{InfProcLet = "Information Processing Letters" }
 @String{InfProcLet = "Inform. Process. Lett." }
 @String{InstMathApp = "Journal of the Institute of Mathematics and
     its Applications" }
 @String{InstMathApp = "J. Inst. Math. Appl." }
 @String{IntControl = "International Journal of Control" }
 @String{IntControl = "Internat. J. Control" }
 @String{IntNumerEng = "International Journal for Numerical Methods in
     Engineering" }
 @String{IntNumerEng = "Internat. J. Numer. Methods Engrg." }
 @String{IntSuper = "International Journal of Supercomputing Applications" }
 @String{IntSuper = "Internat. J. Supercomputing Applic." } % didn't find
%% in AMS MR
 @String{Kibernetika = "Kibernetika" }
 @String{JResNatBurStand = "Journal of Research of the National Bureau
     of Standards" }
 @String{JResNatBurStand = "J. Res. Nat. Bur. Standards" }
 @String{LinAlgApp = "Linear Algebra and its Applications" }
 @String{LinAlgApp = "Linear Algebra Appl." }
 @String{MathAnaAppl = "Journal of Mathematical Analysis and Applications" }
 @String{MathAnaAppl = "J. Math. Anal. Appl." }
 @String{MathAnnalen = "Mathematische Annalen" }
 @String{MathAnnalen = "Math. Ann." }
 @String{MathPhys = "Journal of Mathematical Physics" }
 @String{MathPhys = "J. Math. Phys." }
 @String{MathComp = "Mathematics of Computation" }
 @String{MathComp = "Math. Comp." }
 @String{MathScand = "Mathematica Scandinavica" }
 @String{MathScand = "Math. Scand." }
 @String{TablesAidsComp = "Mathematical Tables and Other Aids to Computation" }
 @String{TablesAidsComp = "Math. Tables Aids Comput." }
 @String{NumerMath = "Numerische Mathematik" }
 @String{NumerMath = "Numer. Math." }
 @String{PacificMath = "Pacific Journal of Mathematics" }
 @String{PacificMath = "Pacific J. Math." }
 @String{ParDistComp = "Journal of Parallel and Distributed Computing" }
 @String{ParDistComp = "J. Parallel and Distrib. Comput." } % didn't find
%% in AMS MR
 @String{ParComputing = "Parallel Computing" }
 @String{ParComputing = "Parallel Comput." }
 @String{PhilMag = "Philosophical Magazine" }
 @String{PhilMag = "Philos. Mag." }
 @String{ProcNAS = "Proceedings of the National Academy of Sciences
                    of the USA" }
 @String{ProcNAS = "Proc. Nat. Acad. Sci. U. S. A." }
 @String{Psychometrika = "Psychometrika" }
 @String{QuartMath = "Quarterly Journal of Mathematics, Oxford, Series (2)" }
 @String{QuartMath = "Quart. J. Math. Oxford Ser. (2)" }
 @String{QuartApplMath = "Quarterly of Applied Mathematics" }
 @String{QuartApplMath = "Quart. Appl. Math." }
 @String{RevueInstStat = "Review of the International Statisical Institute" }
 @String{RevueInstStat = "Rev. Inst. Internat. Statist." }

 %SIAM
 @String{JSIAM = "Journal of the Society for Industrial and Applied
     Mathematics" }
 @String{JSIAM = "J. Soc. Indust. Appl. Math." }
 @String{JSIAMB = "Journal of the Society for Industrial and Applied
     Mathematics, Series B, Numerical Analysis" }
 @String{JSIAMB = "J. Soc. Indust. Appl. Math. Ser. B Numer. Anal." }
 @String{SIAMAlgMeth = "{SIAM} Journal on Algebraic and Discrete Methods" }
 @String{SIAMAlgMeth = "{SIAM} J. Algebraic Discrete Methods" }
 @String{SIAMAppMath = "{SIAM} Journal on Applied Mathematics" }
 @String{SIAMAppMath = "{SIAM} J. Appl. Math." }
 @String{SIAMComp = "{SIAM} Journal on Computing" }
 @String{SIAMComp = "{SIAM} J. Comput." }
 @String{SIAMMatrix = "{SIAM} Journal on Matrix Analysis and Applications" }
 @String{SIAMMatrix = "{SIAM} J. Matrix Anal. Appl." }
 @String{SIAMNumAnal = "{SIAM} Journal on Numerical Analysis" }
 @String{SIAMNumAnal = "{SIAM} J. Numer. Anal." }
 @String{SIAMReview = "{SIAM} Review" }
 @String{SIAMReview = "{SIAM} Rev." }
 @String{SIAMSciStat = "{SIAM} Journal on Scientific and Statistical
     Computing" }
 @String{SIAMSciStat = "{SIAM} J. Sci. Statist. Comput." }

 @String{SoftPracExp = "Software Practice and Experience" }
 @String{SoftPracExp = "Software Prac. Experience" } % didn't find in AMS MR
 @String{StatScience = "Statistical Science" }
 @String{StatScience = "Statist. Sci." }
 @String{Techno = "Technometrics" }
 @String{USSRCompMathPhys = "{USSR} Computational Mathematics and Mathematical
     Physics" }
 @String{USSRCompMathPhys = "{U. S. S. R.} Comput. Math. and Math. Phys." }
 @String{VLSICompSys = "Journal of {VLSI} and Computer Systems" }
 @String{VLSICompSys = "J. {VLSI} Comput. Syst." }
 @String{ZAngewMathMech = "Zeitschrift fur Angewandte Mathematik und
     Mechanik" }
 @String{ZAngewMathMech = "Z. Angew. Math. Mech." }
 @String{ZAngewMathPhys = "Zeitschrift fur Angewandte Mathematik und Physik" }
 @String{ZAngewMathPhys = "Z. Angew. Math. Phys." }

% Publishers % ================================================= |

 @String{Academic = "Academic Press" }
 @String{ACMPress = "{ACM} Press" }
 @String{AdamHilger = "Adam Hilger" }
 @String{AddisonWesley = "Addison-Wesley" }
 @String{AllynBacon = "Allyn and Bacon" }
 @String{AMS = "American Mathematical Society" }
 @String{Birkhauser = "Birkha{\"u}ser" }
 @String{CambridgePress = "Cambridge University Press" }
 @String{Chelsea = "Chelsea" }
 @String{ClaredonPress = "Claredon Press" }
 @String{DoverPub = "Dover Publications" }
 @String{Eyolles = "Eyolles" }
 @String{HoltRinehartWinston = "Holt, Rinehart and Winston" }
 @String{Interscience = "Interscience" }
 @String{JohnsHopkinsPress = "The Johns Hopkins University Press" }
 @String{JohnWileySons = "John Wiley and Sons" }
 @String{Macmillan = "Macmillan" }
 @String{MathWorks = "The Math Works Inc." }
 @String{McGrawHill = "McGraw-Hill" }
 @String{NatBurStd = "National Bureau of Standards" }
 @String{NorthHolland = "North-Holland" }
 @String{OxfordPress = "Oxford University Press" }  %address Oxford or London?
 @String{PergamonPress = "Pergamon Press" }
 @String{PlenumPress = "Plenum Press" }
 @String{PrenticeHall = "Prentice-Hall" }
 @String{SIAMPub = "{SIAM} Publications" }
 @String{Springer = "Springer-Verlag" }
 @String{TexasPress = "University of Texas Press" }
 @String{VanNostrand = "Van Nostrand" }
 @String{WHFreeman = "W. H. Freeman and Co." }

%Entries

@inproceedings{Paul:2014:PIW:2659651.2659683,
 author = {Paul, Greig and Irvine, James},
 title = {Privacy Implications of Wearable Health Devices},
 booktitle = {Proceedings of the 7th International Conference on Security of Information and Networks},
 series = {SIN '14},
 year = {2014},
 isbn = {978-1-4503-3033-6},
 location = {Glasgow, Scotland, UK},
 pages = {117:117--117:121},
 articleno = {117},
 numpages = {5},
 url = {http://doi.acm.org/10.1145/2659651.2659683},
 doi = {10.1145/2659651.2659683},
 acmid = {2659683},
 publisher = {ACM},
 address = {New York, NY, USA},
 keywords = {Health monitoring, privacy, security, wearables},
} 

@InProceedings{10.1007/978-3-662-48051-9_17,
author="Motti, Vivian Genaro
and Caine, Kelly",
editor="Brenner, Michael
and Christin, Nicolas
and Johnson, Benjamin
and Rohloff, Kurt",
title="Users' Privacy Concerns About Wearables",
booktitle="Financial Cryptography and Data Security",
year="2015",
publisher="Springer Berlin Heidelberg",
address="Berlin, Heidelberg",
pages="231--244",
abstract="Wearables have become popular in several application domains, including healthcare, entertainment and security. Their pervasiveness, small size and autonomy, enlarges the potential of these devices to be employed in different activities and scenarios. Wearable devices collect data ubiquitously and continuously, about the individual user and also her surroundings, which can pose many privacy challenges that neither users nor stakeholders are ready to deal with. Before designing effective solutions for developing privacy-enhanced wearables, we need first to identify and understand what are the potential privacy concerns that users have and how they are perceived. To contribute to that purpose, in this paper we present findings from a qualitative content analysis of online comments regarding privacy concerns of wearable device users. We also discuss how form factors, sensors employed, and the type of data collected impact the users' perception of privacy. Our results show that users have different levels and types of privacy concerns depending on the type of wearable they use. By better understanding the users' perspectives about wearable privacy, we aim at helping designers and researchers to develop effective solutions to create privacy-enhanced wearables.",
isbn="978-3-662-48051-9"
}

@inproceedings{Mancini:2009:SPE:1620545.1620547,
 author = {Mancini, Clara and Thomas, Keerthi and Rogers, Yvonne and Price, Blaine A. and Jedrzejczyk, Lukazs and Bandara, Arosha K. and Joinson, Adam N. and Nuseibeh, Bashar},
 title = {From Spaces to Places: Emerging Contexts in Mobile Privacy},
 booktitle = {Proceedings of the 11th International Conference on Ubiquitous Computing},
 series = {UbiComp '09},
 year = {2009},
 isbn = {978-1-60558-431-7},
 location = {Orlando, Florida, USA},
 pages = {1--10},
 numpages = {10},
 url = {http://doi.acm.org/10.1145/1620545.1620547},
 doi = {10.1145/1620545.1620547},
 acmid = {1620547},
 publisher = {ACM},
 address = {New York, NY, USA},
 keywords = {context, contextual interview, experience sampling, facebook, memory phrase, mobile privacy, place},
} 


  @ARTICLE{TROSHYNSKI2011,
  author={TROSHYNSKI, Emily; LEE, Charlotte; DOURISH, Paul},
  title={Accountabilities of Presence: Reframing Location-Based Systems : Technologies, Droit et Justice},
  journal={Droit et cultures},
  year={2011},
  affiliation={Donald Bren School of Information and Computer Sciences de l'Université de Californie, United States; Université de Washington, United States; Département de criminologie, de droit et de société de l'Université de Californie, Irvine, United States},
  descriptors={Corporéité; Espace; Informatique; Omniprésence; Temps; Vie privée ; GPS; Géo-localisation; Liberté conditionnelle; Mobilité},
  subject={Histoire des sciences et des techniques[522-]; Généralités[522-1]; Sociologie[522-44]},
  issn={0247-9788},
  language={English},
  document_type={Article},
  inist_number={24266571} 
  }
    
@inproceedings{Hoyle:2014:PBL:2632048.2632079,
 author = {Hoyle, Roberto and Templeman, Robert and Armes, Steven and Anthony, Denise and Crandall, David and Kapadia, Apu},
 title = {Privacy Behaviors of Lifeloggers Using Wearable Cameras},
 booktitle = {Proceedings of the 2014 ACM International Joint Conference on Pervasive and Ubiquitous Computing},
 series = {UbiComp '14},
 year = {2014},
 isbn = {978-1-4503-2968-2},
 location = {Seattle, Washington},
 pages = {571--582},
 numpages = {12},
 url = {http://doi.acm.org/10.1145/2632048.2632079},
 doi = {10.1145/2632048.2632079},
 acmid = {2632079},
 publisher = {ACM},
 address = {New York, NY, USA},
 keywords = {lifelogging, privacy, wearable cameras},
} 
@inproceedings{Raij:2011:PRE:1978942.1978945,
 author = {Raij, Andrew and Ghosh, Animikh and Kumar, Santosh and Srivastava, Mani},
 title = {Privacy Risks Emerging from the Adoption of Innocuous Wearable Sensors in the Mobile Environment},
 booktitle = {Proceedings of the SIGCHI Conference on Human Factors in Computing Systems},
 series = {CHI '11},
 year = {2011},
 isbn = {978-1-4503-0228-9},
 location = {Vancouver, BC, Canada},
 pages = {11--20},
 numpages = {10},
 url = {http://doi.acm.org/10.1145/1978942.1978945},
 doi = {10.1145/1978942.1978945},
 acmid = {1978945},
 publisher = {ACM},
 address = {New York, NY, USA},
 keywords = {information disclosure, mobile health, privacy, user study, wearable sensors},
} 


@article{doi:10.1080/10447318.2017.1357902,
author = {Apurva Adapa and Fiona Fui-Hoon Nah and Richard H. Hall and Keng Siau and Samuel N. Smith},
title = {Factors Influencing the Adoption of Smart Wearable Devices},
journal = {International Journal of Human–Computer Interaction},
volume = {34},
number = {5},
pages = {399-409},
year  = {2018},
publisher = {Taylor & Francis},
doi = {10.1080/10447318.2017.1357902},

URL = { 
        https://doi.org/10.1080/10447318.2017.1357902
    
},
eprint = { 
        https://doi.org/10.1080/10447318.2017.1357902
    
}

}

@article{cite-key,
	Abstract = {Purpose--The purpose of this paper is to identify the key psychological determinants of smart watch adoption (i.e. affective quality (AQ), relative advantage (RA), mobility (MB), availability (AV), subcultural appeal) and develops an extended technology acceptance model (TAM) that integrates the findings into the original TAM constructs. Design/methodology/approach--An online survey assessed the proposed psychological determinants of smart watch adoption. Confirmatory factor analysis (CFA) and structural equation modeling (SEM) were conducted on collected data (n=363) using the AMOS 22 statistical software. The reliability and validity of the measurement assessing the proposed factor structure were examined via CFA, while the strength and direction of the hypothesized causal paths among the constructs were analyzed via SEM. Findings--The AQ and RA of smart watches were found to be associated with perceived usefulness, while the sense of MB and AV induced by smart watches led to a greater perceived ease of the technology's use. The results also indicated that the devices'subcultural appeal and cost were notable antecedents of user attitude (AT) and intention to use, respectively. Originality/value--Though smart watches are becoming increasingly popular, empirical studies on user perceptions of and ATs toward --them remain preliminary. This paper is one of the first scholarly attempts at a systematic prediction of smart watch usage, with implications for the adoption of future wearable technology.},
	Author = {Kim Ki Joon and Shin Dong-Hee},
	Booktitle = {Internet Research},
	Date-Added = {2019-12-06 08:58:30 -0500},
	Date-Modified = {2019-12-06 08:58:30 -0500},
	Doi = {10.1108/IntR-05-2014-0126},
	Isbn = {1066-2243},
	Month = {2019/12/06},
	Number = {4},
	Pages = {527--541},
	Publisher = {Emerald Group Publishing Limited},
	Title = {An acceptance model for smart watches: Implications for the adoption of future wearable technology},
	Ty = {JOUR},
	Url = {https://doi.org/10.1108/IntR-05-2014-0126},
	Volume = {25},
	Year = {2015},
	Year1 = {2015/01/01},
	Bdsk-Url-1 = {https://doi.org/10.1108/IntR-05-2014-0126}}
	
@webpage{apple-policy,
	Author = {Apple},
	Date-Added = {2019-12-06 09:00:18 -0500},
	Date-Modified = {2019-12-06 09:01:57 -0500},
	Keywords = {Privacy Policy},
	Lastchecked = {November, 23rd 2019},
	Month = {November},
	Title = {Apple Privacy Policy},
	Url = {https://www.apple.com/legal/privacy/en-ww/},
	Year = {2019}}
	
@webpage{snap-policy,
	Author = {Snapchat},
	Date-Added = {2019-12-06 09:00:18 -0500},
	Date-Modified = {2019-12-06 09:02:56 -0500},
	Keywords = {Privacy Policy},
	Lastchecked = {November, 27th 2019},
	Month = {November},
	Title = {Snapchat Privacy Policy},
	Url = {https://www.snap.com/en-US/privacy/privacy-policy/},
	Year = {2019}}
	
@webpage{levis-policy,
	Author = {Levi's Commuter x Jacquard (Google & Levi's)},
	Date-Added = {2019-12-06 09:00:18 -0500},
	Date-Modified = {2019-12-06 09:04:28 -0500},
	Keywords = {Privacy Policy},
	Lastchecked = {November, 20th 2019},
	Month = {November},
	Title = {Levi's Privacy Policy},
	Url = {https://www.levi.com/US /en_US/cms/privacy_policy},
	Year = {2019}}
	
@webpage{privacyproject,
    Author = {Jubeen Shah, Gautam Worah, Sujal,},
	Date-Added = {2019-12-06 09:06:38 -0500},
	Date-Modified = {2019-12-06 09:07:13 -0500},
	Keywords = {survey},
	Lastchecked = {31st November, 2019},
	Month = {November},
	Url = {https://forms.gle/FLgtoGPHycNXKU8K7},
	Year = {2019}}
	
@webpage{facebookdatashare,
    Author = {Zack Whittaker},
	Date-Added = {2019-06-12 09:06:38 -0500},
	Date-Modified = {2019-06-12 09:06:38 -0500},
	Keywords = {facebook},
	Lastchecked = {8th December, 2019},
	Month = {December},
	Url = {https://techcrunch.com/2019/06/12/facebook-project-atlas-research-apple-banned/},
	Year = {2019}}