






@article{doi:10.1080/10447318.2017.1357902,
author = {Apurva Adapa and Fiona Fui-Hoon Nah and Richard H. Hall and Keng Siau and Samuel N. Smith},
title = {Factors Influencing the Adoption of Smart Wearable Devices},
journal = {International Journal of Humanâ€“Computer Interaction},
volume = {34},
number = {5},
pages = {399-409},
year  = {2018},
publisher = {Taylor & Francis},
doi = {10.1080/10447318.2017.1357902},

URL = { 
        https://doi.org/10.1080/10447318.2017.1357902
    
},
eprint = { 
        https://doi.org/10.1080/10447318.2017.1357902
    
}

}


